<record><leader>00000cas a22000007a 4500</leader><controlfield tag="001">17246738</controlfield><controlfield tag="008">871216d19491950ohuwr ne      0    0eng d</controlfield><datafield ind1=" " ind2=" " tag="010"><subfield code="a">sn 87076941 </subfield></datafield><datafield ind1=" " ind2=" " tag="040"><subfield code="a">ONP</subfield><subfield code="b">eng</subfield><subfield code="c">ONP</subfield><subfield code="d">OCLCQ</subfield></datafield><datafield ind1=" " ind2=" " tag="042"><subfield code="a">msc</subfield></datafield><datafield ind1="0" ind2=" " tag="130"><subfield code="a">St. Paris dispatch (Saint Paris, Ohio : 1949)</subfield></datafield><datafield ind1="1" ind2="0" tag="245"><subfield code="a">St. Paris dispatch.</subfield></datafield><datafield ind1="3" ind2="0" tag="246"><subfield code="a">Saint Paris dispatch</subfield></datafield><datafield ind1=" " ind2=" " tag="260"><subfield code="a">St. Paris, Ohio :</subfield><subfield code="b">Baldwin Associated Newspapers,</subfield><subfield code="c">1949-1950.</subfield></datafield><datafield ind1=" " ind2=" " tag="300"><subfield code="a">v.</subfield></datafield><datafield ind1=" " ind2=" " tag="310"><subfield code="a">Weekly</subfield></datafield><datafield ind1="0" ind2=" " tag="362"><subfield code="a">Vol. 78, no. 15 (Sept 29, 1949)-v. 79, no. 16 (Oct. 13, 1950).</subfield></datafield><datafield ind1=" " ind2="4" tag="651"><subfield code="a">Saint Paris (Ohio)</subfield><subfield code="v">Newspapers.</subfield></datafield><datafield ind1=" " ind2="4" tag="651"><subfield code="a">Champaign County (Ohio)</subfield><subfield code="v">Newspapers.</subfield></datafield><datafield ind1=" " ind2=" " tag="752"><subfield code="a">United States</subfield><subfield code="b">Ohio</subfield><subfield code="c">Champaign</subfield><subfield code="d">Saint Paris.</subfield></datafield><datafield ind1="0" ind2="0" tag="780"><subfield code="t">St. Paris news-dispatch (Saint Paris, Ohio : 1937)</subfield><subfield code="w">(DLC)sn 87076940</subfield></datafield><datafield ind1="0" ind2="7" tag="785"><subfield code="t">Urbana weekly</subfield><subfield code="w">(DLC)sn 87076942</subfield></datafield><datafield ind1="0" ind2="7" tag="785"><subfield code="t">Champaign County dispatch</subfield><subfield code="w">(DLC)sn 87076943</subfield></datafield><datafield ind1="1" ind2=" " tag="029"><subfield code="a">AU@</subfield><subfield code="b">000025803236</subfield></datafield></record>